@inproceedings{Sa15,
author = {Sanja {\v S}tajner and Hannah Bechara and Horacio Saggion},
title = "A Deeper Exploration of the Standard {PB-SMT} Approach to Text Simplification and its Evaluation",
booktitle = "Proc. of ACL'15, Short papers",
pages = "823-828",
note = "\url{http://aclweb.org/anthology/P/P15/P15-2135.pdf}",
year = "2015"}

@inproceedings{NG16,
author = "Shashi Narayan and Claire Gardent",
title = "Unsupervised sentence simplification using deep semantics",
booktitle = "Proc. of INLG'16",
pages = "111-120",
note = "\url{http://aclweb.org/anthology/W/W16/W16-6620.pdf}",
year = "2016"}

@article{Xu16,
author = "Wei Xu and Courtney Napoles and Ellie Pavlick and Quanze Chen and Chris Callison-Burch",
title = "Optimizing statistical machine translation for text simplification",
journal = "TACL",
volume = "4",
pages = "401-415",
note = "\url{http://aclweb.org/anthology/Q/Q16/Q16-1029.pdf}",
year = "2016"}

@article{S14,
author = {Sanja {\v S}tajner and Ruslan Mitkov and Horacio Saggion},
title = "One step closer to automatic evaluation of text simplification systems",
journal = "Proc. of the 3rd Workshop on Predicting and Improving Text Readability for Target Reader Populations",
pages = "1-10",
note = "\url{http://www.aclweb.org/anthology/W14-1201}",
year = "2014"}

@inproceedings{Z10,
author = "Zhemin Zhu and Delphine Bernhard and Iryna Gurevych",
title = "A monolingual tree-based translation model for sentence simplification",
booktitle = "Proc. of COLING'10",
pages = "1353-1361",
note = "\url{http://aclweb.org/anthology/C/C10/C10-1152.pdf}",
year = "2010"}

@inproceedings{NG14,
author = "Shashi Narayan and Claire Gardent",
title = "Hybrid Simplification using Deep Semantics and Machine Translation",
booktitle = "Proc. of ACL14",
pages = "435-445",
note = "\url{http://aclweb.org/anthology/P/P14/P14-1041.pdf}",
year = "2014"}

@inproceedings{P02,
author = "Kishore Papineni and Salim Roukos and Todd Ward and Wei-Jing Zhu",
title = "{BLEU}: a method for automatic evaluation of machine translation",
booktitle = "Proc. of ACL'02",
pages = "311-318",
note = "\url{http://aclweb.org/anthology/P/P02/P02-1040.pdf}",
year = "2002"}

@inproceedings{W12,
author = "Sander Wubben and Antal van den Bosch and Emiel Krahmer",
title =  "Sentence simplification by monolingual machine translation",
booktitle = "Proc. of ACL'12",
pages = "1015-1024",
note = "\url{http://aclweb.org/anthology/P/P12/P12-1107.pdf}",
year = "2012"}

@inproceedings{SZ12,
author = "Hong Sun and Ming Zhou",
title = "Joint learning of a dual {SMT} system for paraphrase generation",
booktitle = "Proc. of ACL'12",
pages = "38-42",
note = "\url{http://aclweb.org/anthology/P/P12/P12-2008.pdf}",
year = "2012"}

@techreport{K75,
author = "J. Peter Kincaid and Robert P. Fishburne Jr. and Richard L. Rogers and Brad S. Chissom",
title = "Derivation of new readability formulas (automated readability index, fog count and {F}lesch reading ease formula) for {N}avy enlisted personnel",
institution = "Defense Technical Information Center (DTIC) Document",
year = "1975"}

@inproceedings{WL11,
author = "Kristian Woodsend and Mirella Lapata",
title = "Learning to simplify sentences with quasi-synchronous grammar and integer programming",
booktitle = "Proc. of EMNLP'11",
pages = "409-420",
note = "\url{http://aclweb.org/anthology/D/D11/D11-1038.pdf}",
year = "2011"}

@inproceedings{SA14,
author = "Advaith Siddharthan and M. A. Angrosh",
title = "Hybrid text simplification using synchronous dependency grammars with
hand-written and automatically harvested rules",
booktitle = "Proc. of EACL'14",
pages = "722-731",
note = "\url{http://aclweb.org/anthology/E/E14/E14-1076.pdf}",
year = "2014"}

@article{S06,
author = "Advaith Siddharthan",
title = "Syntactic simplification and text cohesion",
journal = "Research on Language and Computation",
volume = "4",
pages = "77-109",
year = "2006"}

@inproceedings{C96,
author = "Raman Chandrasekar and Christine Doran and Bangalore Srinivas",
title = "Motivations and methods for sentence simplification",
booktitle = "Proc. of COLING'96",
pages = "1041-1044",
note = "\url{http://aclweb.org/anthology/C/C96/C96-2183.pdf}",
year = "1996"}

@inproceedings{M14,
author = "Kshitij Mishra and Ankush Soni and Rahul Sharma and Dipti Misra Sharma",
title = "Exploring the effects of Sentence Simplification on {H}indi to {E}nglish {M}achine {T}ranslation Systems",
booktitle = "Proc. of the Workshop on Automatic Text Simplification: Methods and Applications in the Multilingual Society",
pages = "21-29",
note = "\url{http://www.aclweb.org/anthology/W14-5603}",
year = "2014"}

@inproceedings{LB02,
author = "Edward Loper and Steven Bird",
title = "{NLTK}: the Natural Language Toolkit",
booktitle = "Proc. of EMNLP'02",
pages = "63-70",
note = "\url{http://www.aclweb.org/anthology/W/W02/W02-0109.pdf}",
year = "2002"}

@article{C68,
author = "Jacob Cohen",
title = "Weighted kappa: {N}ominal scale agreement provision for scaled disagreement or partial credit",
journal = "Psychological bulletin",
volume = "70(4)",
pages = "213",
year = "1968"}

@inproceedings{Ni17,
author = {Sergiu Nisioi and Sanja {\v S}tajner and Simone Paolo Ponzetto and Liviu P. Dinu},
title = "Exploring Neural Text Simplification Models",
booktitle = "Proc. of ACL'17 (Short paper)",
pages = "85-91",
note = "\url{http://www.aclweb.org/anthology/P17-2014}",
year = "2017"}

@inproceedings{N17,
author = "Shashi Narayan and Claire Gardent and Shay B. Cohen and Anastasia Shimorina",
title = "Split and rephrase",
booktitle = "Proc. of EMNLP'17",
note = "\url{http://aclweb.org/anthology/D17-1064}",
pages = "617-627",
year = "2017"}

@inproceedings{K07,
author = "Philipp Koehn and Hieu Hoang and Alexandra Birch and Chris Callison-Buch and Marcello Federico and Nicola Bertoldi and Brooke Cowan and Wade Shen and Christine Moran and Richard Zens and Chris Dyer and Ond\v{r}ej Bojar and Alexandra Constantin and Evan Herbst",
title = "Moses: open source toolkit for statistical machine translation",
booktitle = "Proc. of ACL'07 on interactive poster and demonstration sessions",
note = "\url{http://aclweb.org/anthology/P/P07/P07-2045.pdf}",
pages = "177-180",
year = "2007"}


@inproceedings{ZL17,
author = "Xingxing Zhang and Mirella Lapata",
title = "Sentence simplification with deep reinforcement learning",
booktitle = "Proc. of EMNLP'17",
pages  = "595-605",
note = "\url{http://aclweb.org/anthology/D17-1062}",
year = "2017"}

@unpublished{Z17,
author = "Yaoyuan Zhang and Zhenxu Ye and Dongyan Zhao and Rui Yan",
title = "A constrained sequence-to-sequence neural model for sentence simplification",
note = "arXiv:1704.02312 [cs.CL]. \url{https://arxiv.org/pdf/1704.02312.pdf}",
year = "2017"}

@unpublished{MS17,
author = "Shuming Ma and Xu Sun",
title = "A semantic relevance based neural network for text summarization and text simplification",
note = "arXiv:1710.02318 [cs.CL]. \url{https://arxiv.org/pdf/1710.02318.pdf}",
year = "2017"}

@inproceedings{G15,
author = "Yvette Graham",
title = "Re-evaluating Automatic Summarization with {BLEU} and 192 Shades of {ROUGE}",
booktitle = "Proc. of EMNLP'15",
pages = "128-137",
note = "\url{http://www.aclweb.org/anthology/D15-1013}",
year = "2015"}

@inproceedings{PL11,
author = "Y. Albert Park and Roger Levy",
title = "Automated whole sentence grammar correction using a noisy channel model",
booktitle = "Proc.of ACL-HLT'11",
pages = "934-944",
note = "\url{http://aclweb.org/anthology/P/P11/P11-1094.pdf}",
year = "2011"}

@article{MK79,
author = "Jana M. Mason and Janet R. Kendall",
title = "Facilitating reading comprehension through text structure manipulation",
journal = "Alberta Journal of Medical Psychology",
volume = "24",
pages = "68-76",
year = "1979"}

@inproceedings{W03,
author = "Sandra Williams and Ehud Reiter and Liesl Osman",
title = "Experiments with discourse-level choices and readability",
booktitle = "Proc. of the European Natural Language Workshop (ENLG)",
year = "2003"}

@inproceedings{LN15,
author = "Junyi Jessi Li and Ani Nenkova",
title = "Detecting content-heavy sentences: {A} cross-language case study",
booktitle = "Proc. of EMNLP'15",
pages = "1271-1281",
note = "\url{http://www.aclweb.org/anthology/D15-1148}",
year = "2015"}

@inproceedings{C06,
author = "Chris Callison-Burch and Miles Osborne and Philipp Koehn",
title = "Re-evaluating the role of {BLEU} in machine translation",
booktitle = "Proc. of EACL'06",
pages = "249-256",
note = "\url{http://www.aclweb.org/anthology/E06-1032}",
year = "2006"}

@inproceedings{KM06,
author = "Philipp Koehn and Christof Monz",
title = "Manual and automatic evaluation of machine translation between {E}uropean languages",
booktitle = "Proc. of the Workshop on Statistical Machine Translation",
note = "\url{http://www.aclweb.org/anthology/W06-3114}",
year = "2006"}

@article{PT16,
author = "Ellie Pavlick and Joel Tetreault",
title = "An empirical analysis of formality in online communication",
journal = "TACL",
volume = "4",
pages=  "61-74",
note = "\url{http://www.aclweb.org/anthology/Q16-1005}",
year = "2016"}

@inproceedings{AG18,
author = "Roee Aharoni and Yoav Goldberg",
title = "Split and Rephrase: Better Evaluation and a Stronger Baseline",
booktitle =  "Proc. of ACL'18, Short papers",
pages = "719-724",
note = "\url{http://aclweb.org/anthology/P18-2114}",
year = "2018"}

@inproceedings{S18acl,
author = "Elior Sulem and Omri Abend and Ari Rappoport",
title = "Simple and Effective Text Simplification Using Semantic and Neural Methods",
booktitle = "Proc. of ACL'18",
pages = "162-173",
note = "\url{http://aclweb.org/anthology/P18-1016}",
year = "2018"}

@inproceedings{S18naacl,
author = "Elior Sulem and Omri Abend and Ari Rappoport",
title = "Semantic Structural Evaluation for Text Simplification",
booktitle = "Proc. of NAACL'18",
pages = "685-696",
note = "\url{http://aclweb.org/anthology/N18-1063}",
year = "2018"}